@article{angelopoulos2023gentle,
  title={Conformal Prediction: A Gentle Introduction},
  author={Angelopoulos, Anastasios N and Bates, Stephen},
  journal={Foundations and Trends in Machine Learning},
  year={2023},
  volume={20},
  number={2},
  pages={163--308}
}

@article{shafer2008tutorial,
  title={A Tutorial on Conformal Prediction},
  author={Shafer, Glenn and Vovk, Vladimir},
  journal={Journal of Machine Learning Research},
  volume={9},
  pages={371--421},
  year={2008}
}

@book{vershynin2018hdp,
  title={High-Dimensional Probability: An Introduction with Applications in Data Science},
  author={Vershynin, Roman},
  year={2018},
  publisher={Cambridge University Press}
}

@article{ziv1978,
  title={Compression of Individual Sequences via Variable-Rate Coding},
  author={Ziv, Jacob and Lempel, Abraham},
  journal={IEEE Transactions on Information Theory},
  volume={24},
  number={5},
  pages={530--536},
  year={1978}
}

@article{shannon1948,
  title={A Mathematical Theory of Communication},
  author={Shannon, Claude E},
  journal={Bell System Technical Journal},
  volume={27},
  number={3},
  pages={379--423},
  year={1948}
}

@article{jegou2011,
  title={Product Quantization for Nearest Neighbor Search},
  author={J{\'e}gou, Herv{\'e} and Douze, Matthijs and Schmid, Cordelia},
  journal={IEEE Transactions on Pattern Analysis and Machine Intelligence},
  volume={33},
  number={1},
  pages={117--128},
  year={2011}
}

@inproceedings{lin2022truthfulqa,
  title={TruthfulQA: Measuring How Models Mimic Human Falsehoods},
  author={Lin, Stephanie and Hilton, Jacob and Evans, Owain},
  booktitle={Proceedings of ACL},
  year={2022}
}

@inproceedings{thorne2018fever,
  title={FEVER: a Large-Scale Dataset for Fact Extraction and VERification},
  author={Thorne, James and Vlachos, Andreas and Christodoulopoulos, Christos and Mittal, Arpit},
  booktitle={Proceedings of NAACL},
  year={2018}
}

@article{sen1968,
  title={Estimates of the Regression Coefficient Based on Kendall's Tau},
  author={Sen, Pranab K},
  journal={Journal of the American Statistical Association},
  volume={63},
  number={324},
  pages={1379--1389},
  year={1968}
}

@article{oliveira2024nonexchangeable,
  title={Split Conformal Prediction and Non-Exchangeable Data},
  author={Oliveira, Roberto I and Orenstein, Paulo and Ramos, Thiago and Romano, Jo{\~a}o Vitor},
  journal={Journal of Machine Learning Research},
  volume={25},
  number={225},
  pages={1--38},
  year={2024}
}

@misc{aicpa-soc2,
  title={{SOC 2} --- {SOC} for Service Organizations},
  author={{AICPA}},
  howpublished={\url{https://www.aicpa-cima.com/topic/audit-assurance/audit-and-assurance-greater-than-soc-2}},
  year={2017},
  note={Accessed 2025-10-23}
}
